@incollection{Manifold_MMD,
  title={Manifold-manifold distance with application to face recognition based on image set},
  author={Wang, R. and Shan, S. and Chen, X. and Gao, W.},
  booktitle={Computer Vision and Pattern Recognition},
  pages={2940--2947},
  year={2008},
}
@incollection{Manifold_MDA,
  title={Manifold discriminant analysis},
  author={Wang, R. and Chen, X.},
  booktitle={Computer Vision and Pattern Recognition},
  pages={429--436},
  year={2009}
}
@incollection{Subspace_GDA,
  title={Grassmann discriminant analysis: a unifying view on subspace-based learning},
  author={Hamm, J. and Lee, D.D.},
  booktitle={International Conference on Machine learning},
  pages={376--383},
  year={2008}
}
@incollection{Subspace_MSM,
  title={Face recognition using temporal image sequence},
  author={Yamaguchi, O. and Fukui, K. and Maeda, K.},
  booktitle={Automatic Face and Gesture Recognition},
  pages={318--323},
  year={1998}
}
@incollection{Affinehull_AF,
  title={Face recognition based on image sets},
  author={Cevikalp, H. and Triggs, B.},
  booktitle={Computer Vision and Pattern Recognition},
  pages={2567--2573},
  year={2010}
}
@incollection{Affinehull_SANP,
  title={Sparse approximated nearest points for image set classification},
  author={Hu, Y. and Mian, A.S. and Owens, R.},
  booktitle={Computer vision and pattern recognition},
  pages={121--128},
  year={2011}
}
@incollection{Affinehull_RNP,
  title={Face recognition based on regularized nearest points between image sets},
  author={Yang, M. and Zhu, P. and Van Gool, L. and Zhang, L.},
  booktitle={Automatic Face and Gesture Recognition},
  pages={1--7},
  year={2013},
}
@incollection{Affinehull_ProNN,
  title={Probabilistic nearest neighbor search for robust classification of face image sets},
  author={Wang, W. and Wang, R. and Shan, S. and Chen, X.},
  booktitle={Automatic Face and Gesture Recognition},
  pages={1--7},
  year={2015},
}
@incollection{Statistics_CDL,
  title={Covariance discriminative learning: A natural and efficient approach to image set classification},
  author={Wang, R. and Guo, H. and Davis, L.S. and Dai, Q.},
  booktitle={Computer Vision and Pattern Recognition},
  pages={2496--2503},
  year={2012},
}
@article{Kernel_KPLS,
  title={Kernel partial least squares regression in reproducing kernel hilbert space},
  author={Rosipal, R. and Trejo, L.J.},
  journal={The Journal of Machine Learning Research},
  volume={2},
  pages={97--123},
  year={2002},
  publisher={JMLR. org}
}
@article{Kernel_KDA,
  title={Generalized discriminant analysis using a kernel approach},
  author={Baudat, G. and Anouar, F.},
  journal={Neural computation},
  volume={12},
  number={10},
  pages={2385--2404},
  year={2000},
  publisher={MIT Press}
}
@article{KDA_DengCai1,
  title={Speed up kernel discriminant analysis},
  author={Cai, D. and He, X. and Han, J.},
  journal={The International Journal on Very Large Data Bases},
  volume={20},
  number={1},
  pages={21--33},
  year={2011},
  publisher={Springer}
}
@book{KDA_DengCai2,
  title={Spectral regression: A regression framework for efficient regularized subspace learning},
  author={Cai, D.},
  year={2009},
  publisher={ProQuest}
}
@article{Kernel_Riemannian,
  title={Kernel methods on riemannian manifolds with gaussian rbf kernels},
  author={Jayasumana, S. and Hartley, R. and Salzmann, M. and Li, H. and Harandi, M.},
  journal={Pattern Analysis and Machine Intelligence},
  volume={37},
  number={12},
  pages={2464--2477},
  year={2015},
}
@article{Dictionary_Extrinsic_method,
  title={Extrinsic methods for coding and dictionary learning on Grassmann manifolds},
  author={Harandi, M. and Hartley, R. and Shen, C. and Lovell, B. and Sanderson, C.},
  journal={International Journal of Computer Vision},
  volume={114},
  number={2-3},
  pages={113--136},
  year={2015},
  publisher={Springer}
}
@incollection{Statistics_Vemu,
  title={Kernel learning for extrinsic classification of manifold features},
  author={Vemulapalli, R. and Pillai, J. and Chellappa, R.},
  booktitle={Computer Vision and Pattern Recognition},
  pages={1782--1789},
  year={2013}
}
@incollection{Statistics_SPDML,
  title={From manifold to manifold: Geometry-aware dimensionality reduction for spd matrices},
  author={Harandi, M.T. and Salzmann, M. and Hartley, R.},
  booktitle={European Conference On Computer Vision},
  pages={17--32},
  year={2014},
  publisher={Springer}
}
@incollection{Statistics_LMKML,
  title={Image set classification using holistic multiple order statistics features and localized multi-kernel metric learning},
  author={Lu, J. and Wang, G. and Moulin, P.},
  booktitle={International Conference on Computer Vision},
  pages={329--336},
  year={2013}
}
@incollection{Statistics_HERML,
  title={Hybrid Euclidean-and-Riemannian metric learning for image set classification},
  author={Huang, Z. and Wang, R. and Shan, S. and Chen, X.},
  booktitle={Asian Conference On Computer Vision},
  pages={562--577},
  year={2015},
  publisher={Springer}
}
@incollection{Statistics_DARG,
  title={Discriminant analysis on Riemannian manifold of Gaussian distributions for face recognition with image sets},
  author={Wang, W. and Wang, R. and Huang, Z. and Shan, S. and Chen, X.},
  booktitle={Computer Vision and Pattern Recognition},
  pages={2048--2057},
  year={2015}
}
@incollection{Statistics_BeyondGauss,
  title={Beyond Gauss: Image-Set Matching on the Riemannian Manifold of PDFs},
  author={Harandi, M. and Salzmann, M. and Baktashmotlagh, M.},
  booktitle={International Conference on Computer Vision},
  year={2015}
}
@incollection{Statistics_LEML,
  title={Log-Euclidean Metric Learning on Symmetric Positive Definite Manifold with Application to Image Set Classification},
  author={Huang, Z. and Wang, R. and Shan, S. and Li, X. and Chen, X.},
  booktitle={International Conference on Machine Learning},
  pages={720--729},
  year={2015}
}
@incollection{Deeplearning_MMDML,
  title={Multi-manifold deep metric learning for image set classification},
  author={Lu, J. and Wang, G. and Deng, W. and Moulin, P. and Zhou, J.},
  booktitle={Conference on Computer Vision and Pattern Recognition},
  pages={1137--1145},
  year={2015}
}
@article{Deeplearning_DRM,
  title={Deep reconstruction models for image set classification},
  author={Hayat, M. and Bennamoun, M. and An, S.},
  journal={Pattern Analysis and Machine Intelligence},
  volume={37},
  number={4},
  pages={713--727},
  year={2015}
}
@incollection{Dictionary_DBFR,
  title={Dictionary-based face recognition from video},
  author={Chen, Y.-C. and Patel, V.M. and Phillips, P.J. and Chellappa, R.},
  booktitle={European Conference On Computer Vision},
  pages={766--779},
  year={2012},
  publisher={Springer}
}
@incollection{Dictionary_RSR,
  title={Sparse coding and dictionary learning for symmetric positive definite matrices: A kernel approach},
  author={Harandi, M.T. and Sanderson, C. and Hartley, R. and Lovell, B.C.},
  booktitle={European Conference On Computer Vision},
  pages={216--229},
  year={2012},
  publisher={Springer}
}
@incollection{Dictionary_LEK,
  author       = {Li, P. and Wang, Q. and Zuo, W. and Zhang, L.},
  title        = {Log-Euclidean Kernels for Sparse Representation and Dictionary Learning},
  booktitle    = {International Conference Computer Vision},
  year         = {2013}
}
@article{Collaborative_ISBCOLREP,
  title={Image set-based collaborative representation for face recognition},
  author={Zhu, P. and Zuo, W. and Zhang, L. and Shiu, S.C.-K. and Zhang, D.},
  journal={Information Forensics and Security},
  volume={9},
  number={7},
  pages={1120--1132},
  year={2014},
  publisher={IEEE}
}
@incollection{Database_YTC,
  title={Face tracking and recognition with visual constraints in real-world videos},
  author={Kim, M. and Kumar, S. and Pavlovic, V. and Rowley, H.},
  booktitle={Computer Vision and Pattern Recognition},
  pages={1--8},
  year={2008}
}
@incollection{Database_YTF,
    author = {Wolf, L. and Hassner, T. and Maoz, I.},
    title = {Face recognition in unconstrained videos with matched background similarity},
    booktitle = {Computer Vision and Pattern Recognition},
    year = {2011}
}
@incollection{Database_ETH80,
  title={Analyzing appearance and contour based methods for object categorization},
  author={Leibe, B. and Schiele, B.},
  booktitle={Computer Vision and Pattern Recognition},
  volume={2},
  pages={II--409},
  year={2003},
}
@incollection{Database_UIUC,
  author    = {Liao, Z. and Rock, J. and Wang, Y. and Forsyth, D.},
  title     = {Non-Parametric Filtering for Geometric Detail Extraction and
Material Representation},
  booktitle = {Computer Vision and Pattern Recognition},
  year      = {2013}
}
@techreport{Database_MoBo,
  author =       {Gross, R. and Shi, J.},
  title =        {The cmu motion of body (mobo) database},
  institution =  {Robotics
Institute, Carnegie Mellon University},
  year =         2001,
}
@techreport{Database_LFW,
  author =       {Huang, G.B. and Ramesh, M. and Berg, T. and Learned-Miller, E.},
  title =        {Labeled Faces in the Wild: A Database for Studying Face Recognition in Unconstrained Environments},
  institution =  {University of Massachusetts, Amherst},
  year =         2007,
  number =       {07-49},
  month =        {October}
}
@incollection{Statistics_LERM,
  title={Learning euclidean-to-riemannian metric for point-to-set classification},
  author={Huang, Z. and Wang, R. and Shan, S. and Chen, X.},
  booktitle={Computer Vision and Pattern Recognition},
  pages={1677--1684},
  year={2014}
}
@incollection{Statistics_HER,
  title={Face video retrieval with image query via hashing across euclidean space and riemannian manifold},
  author={Li, Y. and Wang, R. and Huang, Z. and Shan, S. and Chen, X.},
  booktitle={Computer Vision and Pattern Recognition},
  pages={4758--4767},
  year={2015}
}
@incollection{Affinehull_P2SML,
  title={From point to set: Extend the learning of distance metrics},
  author={Zhu, P. and Zhang, L. and Zuo, W. and Zhang, D.},
  booktitle={International Conference on Computer Vision},
  pages={2664--2671},
  year={2013}
}
@book{Manifold,
  author    = {梅加强}, 
  title     = {流形与几何初步},
  publisher = {科学出版社},
  year      = {2013},
  isbn      = {9787030360311}
}
@article{PHDThesis,
  author       = {黄智武}, 
  title        = {黎曼度量学习极其在视频人脸识别中的应用研究},
  journal      = {博士学位论文},
  year         = {北京：中国科学院研究生院, 2015},
}
@article{AIM_metric,
  title={A Riemannian framework for tensor computing},
  author={Pennec, X. and Fillard, P. and Ayache, N.},
  journal={International Journal of Computer Vision},
  volume={66},
  number={1},
  pages={41--66},
  year={2006},
  publisher={Springer}
}
@article{LEM_metric,
  title={Geometric means in a novel vector space structure on symmetric positive-definite matrices},
  author={Arsigny, V. and Fillard, P. and Pennec, X. and Ayache, N.},
  journal={SIAM journal on matrix analysis and applications},
  volume={29},
  number={1},
  pages={328--347},
  year={2007},
  publisher={SIAM}
}
@book{Information_geometry,
  title={Methods of information geometry},
  author={Amari, S. and Nagaoka, H.},
  volume={191},
  year={2007},
  publisher={American Mathematical Soc.}
}
@incollection{RCCA,
  title={Canonical Correlation Analysis on Riemannian Manifolds and Its Applications},
  author={Kim, H.J. and Adluru, N. and Bendlin, B.B. and Johnson, S.C. and Vemuri, B.C. and Singh, V.},
  booktitle={European Conference On Computer Vision},
  pages={251--267},
  year={2014},
  publisher={Springer}
}
@article{PGA,
  title={Principal geodesic analysis for the study of nonlinear statistics of shape},
  author={Fletcher, P.T. and Lu, C. and Pizer, S.M. and Joshi, S.},
  journal={IEEE Transactions on Medical Imaging},
  volume={23},
  number={8},
  pages={995--1005},
  year={2004},
  publisher={IEEE}
}
@article{KPLS,
  title={Kernel partial least squares regression in reproducing kernel hilbert space},
  author={Rosipal, R. and Trejo, L.J.},
  journal={The Journal of Machine Learning Research},
  volume={2},
  pages={97--123},
  year={2002},
  publisher={JMLR. org}
}
@article{pls_PLS,
  title={Partial least squares for discrimination},
  author={Barker, M. and Rayens, W.},
  journal={Journal of chemometrics},
  volume={17},
  number={3},
  pages={166--173},
  year={2003},
  publisher={Wiley Online Library}
}
@article{pls_PLSR,
  title={PLS regression methods},
  author={H{\"o}skuldsson, A.},
  journal={Journal of chemometrics},
  number={2},
  pages={211--228},
  year={1988}
}
@article{pls_PLSR2,
  title={PLS-regression: a basic tool of chemometrics},
  author={Wold, S. and Sj{\"o}str{\"o}m, M. and Eriksson, L.},
  journal={Chemometrics and intelligent laboratory systems},
  volume={58},
  number={2},
  pages={109--130},
  year={2001},
  publisher={Elsevier}
}
@incollection{pls_PLSALL,
  title={Overview and recent advances in partial least squares},
  author={Rosipal, R. and Kr{\"a}mer, N.},
  booktitle={Subspace, latent structure and feature selection},
  pages={34--51},
  year={2006},
  publisher={Springer}
}
@incollection{pls_NIPALS,
  title={Path models with latent variables: The NIPALS approach},
  author={H.Wold},
  booktitle={International perspectives on
mathematical and statistical model building},
  pages={307–-357},
  year={1975},
  publisher={Academic Press}
}
@article{pls_Canonical_ridge,
  title={Canonical ridge and econometrics of joint production},
  author={Vinod, H.D.},
  journal={Journal of econometrics},
  volume={4},
  number={2},
  pages={147--166},
  year={1976},
  publisher={Elsevier}
}
@article{RegionCov_pedestrain,
  title={Pedestrian detection via classification on riemannian manifolds},
  author={Tuzel, O. and Porikli, F. and Meer, P.},
  journal={Pattern Analysis and Machine Intelligence},
  volume={30},
  number={10},
  pages={1713--1727},
  year={2008},
  publisher={IEEE}
}
@article{Conjugate_Gradient_Survery,
  title={A survey of nonlinear conjugate gradient methods},
  author={Hager, W.W. and Zhang, H.},
  journal={Pacific Journal of Optimization},
  volume={2},
  number={1},
  pages={35-58},
  year={2006},
}
@book{Maniopt_book,
  title={Optimization algorithms on matrix manifolds},
  author={Absil, P.A. and Mahony, R. and Sepulchre, R.},
  publisher={Princeton University Press},
  pages={págs. 6-8},
  year={2008},
}
@article{Maniopt_tool,
  title={Manopt, a Matlab toolbox for optimization on manifolds},
  author={Boumal, N. and Mishra, B. and Absil, P.-A. and Sepulchre, R.},
  journal={The Journal of Machine Learning Research},
  volume={15},
  number={1},
  pages={1455--1459},
  year={2014},
  publisher={JMLR. org}
}
@incollection{Maniopt_DiscreteCurveFitting,
  title={Discrete curve fitting on manifolds},
  author={Boumal, N. and Absil, P.-A. and others},
  booktitle={30th Benelux Meeting on Systems and Control},
  year={2011}
}
@article{Statistics_SLEDML,
  title={Supervised LogEuclidean Metric Learning for Symmetric Positive Definite Matrices},
  author={Yger, F. and Sugiyama, M.},
  journal={arXiv preprint arXiv:1502.03505},
  year={2015}
}
@incollection{RegionCov,
  title={Region covariance: A fast descriptor for detection and classification},
  author={Tuzel, O. and Porikli, F. and Meer, P.},
  booktitle={European Conference On Computer Vision},
  pages={589--600},
  year={2006},
  publisher={Springer}
}
@article{SIFT,
  title={Distinctive image features from scale-invariant keypoints},
  author={Lowe, D.G.},
  journal={International journal of computer vision},
  volume={60},
  number={2},
  pages={91--110},
  year={2004},
  publisher={Springer}
}
@incollection{Stein_divergence,
  title={A new metric on the manifold of kernel matrices with application to matrix geometric means},
  author={Sra, S.},
  booktitle={Advances in Neural Information Processing Systems},
  pages={144--152},
  year={2012}
}
@incollection{Jeffreys_divergence,
  title={Bregman divergences for infinite dimensional covariance matrices},
  author={Harandi, M. and Salzmann, M. and Porikli, F.},
  booktitle={Computer Vision and Pattern Recognition},
  pages={1003--1010},
  year={2014}
}
@article{Cholesky_distance,
  title={Non-Euclidean statistics for covariance matrices, with applications to diffusion tensor imaging},
  author={Dryden, I.L. and Koloydenko, A. and Zhou, D.},
  journal={The Annals of Applied Statistics},
  pages={1102--1123},
  year={2009},
  publisher={JSTOR}
}
@article{PSD_Riemannian,
  title={Riemannian metric and geometric mean for positive semidefinite matrices of fixed rank},
  author={Bonnabel, S. and Sepulchre, R.},
  journal={SIAM Journal on Matrix Analysis and Applications},
  volume={31},
  number={3},
  pages={1055--1070},
  year={2009},
  publisher={SIAM}
}
@article{Grassmann,
  title={An Introduction to Grassmann Manifolds and their Matrix Representation},
  author={Karrasch, D.},
  year={2014}
}
@article{PSD_Regression,
  title={Regression on fixed-rank positive semidefinite matrices: a Riemannian approach},
  author={Meyer, G. and Bonnabel, S. and Sepulchre, R.},
  journal={The Journal of Machine Learning Research},
  volume={12},
  pages={593--625},
  year={2011},
  publisher={JMLR. org}
}
@article{PSD_Opt1,
  title={Low-rank optimization on the cone of positive semidefinite matrices},
  author={Journ{\'e}e, M. and Bach, F. and Absil, P.-A. and Sepulchre, R.},
  journal={SIAM Journal on Optimization},
  volume={20},
  number={5},
  pages={2327--2351},
  year={2010},
  publisher={SIAM}
}
@incollection{PSD_WACV,
  title={Image Set Classification by Symmetric Positive Semi-Definite Matrices},
  author={Faraki, M. and Harandi, M. and Porikli, F.},
  booktitle={Winter Conference on Applications of Computer Vision},
  year={2016}
}
@incollection{PSD_AAAI,
  title={Fixed-Rank Supervised Metric Learning on Riemannian Manifold},
  author={Mu, Y.},
  booktitle={AAAI Conference on Artificial Intelligence},
  year={2016}
}
@article{Matrix_CookBook,
  title={The matrix cookbook},
  author={Petersen, K.B. and Pedersen, M.S. and others},
  publisher={Technical University of Denmark},
  volume={7},
  pages={15},
  year={2008}
}
@article{Graph_Embeding,
  title={Graph embedding and extensions: a general framework for dimensionality reduction},
  author={Yan, S. and Xu, D. and Zhang, B. and Zhang, H.-J. and Yang, Q. and Lin, S.},
  journal={Pattern Analysis and Machine Intelligence},
  volume={29},
  number={1},
  pages={40--51},
  year={2007},
  publisher={IEEE}
}
@article{Conjugate_Gradient_FR,
  title={Function minimization by conjugate gradients},
  author={Fletcher, R. and Reeves, C.M.},
  journal={The computer journal},
  volume={7},
  number={2},
  pages={149--154},
  year={1964},
  publisher={Br Computer Soc}
}