@incollection{Manifold_MMD,
  title={Manifold-manifold distance with application to face recognition based on image set},
  author={Wang, Ruiping and Shan, Shiguang and Chen, Xilin and Gao, Wen},
  booktitle={Computer Vision and Pattern Recognition},
  pages={1--8},
  year={2008},
}
@incollection{Manifold_MDA,
  title={Manifold discriminant analysis},
  author={Wang, Ruiping and Chen, Xilin},
  booktitle={Computer Vision and Pattern Recognition},
  pages={429--436},
  year={2009}
}
@incollection{Subspace_GDA,
  title={Grassmann discriminant analysis: a unifying view on subspace-based learning},
  author={Hamm, Jihun and Lee, Daniel D},
  booktitle={International Conference on Machine learning},
  pages={376--383},
  year={2008}
}
@incollection{Subspace_MSM,
  title={Face recognition using temporal image sequence},
  author={Yamaguchi, Osamu and Fukui, Kazuhiro and Maeda, Ken-ichi},
  booktitle={Automatic Face and Gesture Recognition},
  pages={318--323},
  year={1998}
}
@incollection{Affinehull_AF,
  title={Face recognition based on image sets},
  author={Cevikalp, Hakan and Triggs, Bill},
  booktitle={Computer Vision and Pattern Recognition},
  pages={2567--2573},
  year={2010}
}
@incollection{Affinehull_SANP,
  title={Sparse approximated nearest points for image set classification},
  author={Hu, Yiqun and Mian, Ajmal S and Owens, Robyn},
  booktitle={Computer vision and pattern recognition},
  pages={121--128},
  year={2011}
}
@incollection{Affinehull_RNP,
  title={Face recognition based on regularized nearest points between image sets},
  author={Yang, Meng and Zhu, Pengfei and Van Gool, Luc and Zhang, Lei},
  booktitle={Automatic Face and Gesture Recognition},
  pages={1--7},
  year={2013},
}
@incollection{Affinehull_ProNN,
  title={Probabilistic nearest neighbor search for robust classification of face image sets},
  author={Wang, Wen and Wang, Ruiping and Shan, Shiguang and Chen, Xilin},
  booktitle={Automatic Face and Gesture Recognition},
  pages={1--7},
  year={2015},
}
@incollection{Statistics_CDL,
  title={Covariance discriminative learning: A natural and efficient approach to image set classification},
  author={Wang, Ruiping and Guo, Huimin and Davis, Larry S and Dai, Qionghai},
  booktitle={Computer Vision and Pattern Recognition},
  pages={2496--2503},
  year={2012},
}
@article{Kernel_KPLS,
  title={Kernel partial least squares regression in reproducing kernel hilbert space},
  author={Rosipal, Roman and Trejo, Leonard J},
  journal={The Journal of Machine Learning Research},
  volume={2},
  pages={97--123},
  year={2002},
  publisher={JMLR. org}
}
@article{Kernel_KDA,
  title={Generalized discriminant analysis using a kernel approach},
  author={Baudat, Gaston and Anouar, Fatiha},
  journal={Neural computation},
  volume={12},
  number={10},
  pages={2385--2404},
  year={2000},
  publisher={MIT Press}
}
@article{KDA_DengCai1,
  title={Speed up kernel discriminant analysis},
  author={Cai, Deng and He, Xiaofei and Han, Jiawei},
  journal={The International Journal on Very Large Data Bases},
  volume={20},
  number={1},
  pages={21--33},
  year={2011},
  publisher={Springer-Verlag New York, Inc.}
}
@book{KDA_DengCai2,
  title={Spectral regression: A regression framework for efficient regularized subspace learning},
  author={Cai, Deng},
  year={2009},
  publisher={ProQuest}
}
@article{Kernel_Riemannian,
  title={Kernel methods on riemannian manifolds with gaussian rbf kernels},
  author={Jayasumana, Sadeep and Hartley, Richard and Salzmann, Mathieu and Li, Hongdong and Harandi, Mehrtash},
  journal={Pattern Analysis and Machine Intelligence},
  volume={37},
  number={12},
  pages={2464--2477},
  year={2015},
}
@article{Dictionary_Extrinsic_method,
  title={Extrinsic methods for coding and dictionary learning on Grassmann manifolds},
  author={Harandi, Mehrtash and Hartley, Richard and Shen, Chunhua and Lovell, Brian and Sanderson, Conrad},
  journal={International Journal of Computer Vision},
  volume={114},
  number={2-3},
  pages={113--136},
  year={2015},
  publisher={Springer}
}
@incollection{Statistics_Vemu,
  title={Kernel learning for extrinsic classification of manifold features},
  author={Vemulapalli, Raviteja and Pillai, Jaishanker and Chellappa, Rama},
  booktitle={Computer Vision and Pattern Recognition},
  pages={1782--1789},
  year={2013}
}
@incollection{Statistics_SPDML,
  title={From manifold to manifold: Geometry-aware dimensionality reduction for spd matrices},
  author={Harandi, Mehrtash T and Salzmann, Mathieu and Hartley, Richard},
  booktitle={European Conference On Computer Vision},
  pages={17--32},
  year={2014},
  publisher={Springer}
}
@incollection{Statistics_LMKML,
  title={Image set classification using holistic multiple order statistics features and localized multi-kernel metric learning},
  author={Lu, Jiwen and Wang, Gang and Moulin, Pierre},
  booktitle={International Conference on Computer Vision},
  pages={329--336},
  year={2013}
}
@incollection{Statistics_HERML,
  title={Hybrid Euclidean-and-Riemannian metric learning for image set classification},
  author={Huang, Zhiwu and Wang, Ruiping and Shan, Shiguang and Chen, Xilin},
  booktitle={Asian Conference On Computer Vision},
  pages={562--577},
  year={2015},
  publisher={Springer}
}
@incollection{Statistics_DARG,
  title={Discriminant analysis on Riemannian manifold of Gaussian distributions for face recognition with image sets},
  author={Wang, Wen and Wang, Ruiping and Huang, Zhiwu and Shan, Shiguang and Chen, Xilin},
  booktitle={Computer Vision and Pattern Recognition},
  pages={2048--2057},
  year={2015}
}
@incollection{Statistics_BeyondGauss,
  title={Beyond Gauss: Image-Set Matching on the Riemannian Manifold of PDFs},
  author={Harandi, Mehrtash and Salzmann, Mathieu and Baktashmotlagh, Mahsa},
  booktitle={International Conference on Computer Vision},
  year={2015}
}
@incollection{Statistics_LEML,
  title={Log-Euclidean Metric Learning on Symmetric Positive Definite Manifold with Application to Image Set Classification},
  author={Huang, Zhiwu and Wang, Ruiping and Shan, Shiguang and Li, Xianqiu and Chen, Xilin},
  booktitle={International Conference on Machine Learning},
  pages={720--729},
  year={2015}
}
@incollection{Deeplearning_MMDML,
  title={Multi-manifold deep metric learning for image set classification},
  author={Lu, Jiwen and Wang, Gang and Deng, Weihong and Moulin, Pierre and Zhou, Jie},
  booktitle={Conference on Computer Vision and Pattern Recognition},
  pages={1137--1145},
  year={2015}
}
@article{Deeplearning_DRM,
  title={Deep reconstruction models for image set classification},
  author={Hayat, Munawar and Bennamoun, Mohammed and An, Senjian},
  journal={Pattern Analysis and Machine Intelligence},
  volume={37},
  number={4},
  pages={713--727},
  year={2015}
}
@incollection{Dictionary_DBFR,
  title={Dictionary-based face recognition from video},
  author={Chen, Yi-Chen and Patel, Vishal M and Phillips, P Jonathon and Chellappa, Rama},
  booktitle={European Conference On Computer Vision},
  pages={766--779},
  year={2012},
  publisher={Springer}
}
@incollection{Dictionary_RSR,
  title={Sparse coding and dictionary learning for symmetric positive definite matrices: A kernel approach},
  author={Harandi, Mehrtash T and Sanderson, Conrad and Hartley, Richard and Lovell, Brian C},
  booktitle={European Conference On Computer Vision},
  pages={216--229},
  year={2012},
  publisher={Springer}
}
@incollection{Dictionary_LEK,
  author       = {Peihua Li and Qilong Wang and Wangmeng Zuo and Lei Zhang},
  title        = {Log-Euclidean Kernels for Sparse Representation and Dictionary Learning},
  booktitle    = {International Conference Computer Vision},
  year         = {2013}
}
@article{Collaborative_ISBCOLREP,
  title={Image set-based collaborative representation for face recognition},
  author={Zhu, Pengfei and Zuo, Wangmeng and Zhang, Lei and Shiu, Simon Chi-Keung and Zhang, Dejing},
  journal={Information Forensics and Security},
  volume={9},
  number={7},
  pages={1120--1132},
  year={2014},
  publisher={IEEE}
}
@incollection{Database_YTC,
  title={Face tracking and recognition with visual constraints in real-world videos},
  author={Kim, Minyoung and Kumar, Sanjiv and Pavlovic, Vladimir and Rowley, Henry},
  booktitle={Computer Vision and Pattern Recognition},
  pages={1--8},
  year={2008}
}
@incollection{Database_YTF,
    author = {Lior Wolf and Tal Hassner and Itay Maoz},
    title = {Face recognition in unconstrained videos with matched background similarity},
    booktitle = {Computer Vision and Pattern Recognition},
    year = {2011}
}
@incollection{Database_ETH80,
  title={Analyzing appearance and contour based methods for object categorization},
  author={Leibe, Bastian and Schiele, Bernt},
  booktitle={Computer Vision and Pattern Recognition},
  volume={2},
  pages={II--409},
  year={2003},
}
@incollection{Database_UIUC,
  author    = {Zicheng Liao and Jason Rock and Yang Wang and David Forsyth},
  title     = {Non-Parametric Filtering for Geometric Detail Extraction and
Material Representation},
  booktitle = {Computer Vision and Pattern Recognition},
  year      = {2013}
}
@techreport{Database_MoBo,
  author =       {Gross,Ralph and Shi Jianbo},
  title =        {The cmu motion of body (mobo) database},
  institution =  {Robotics
Institute, Carnegie Mellon University},
  year =         2001,
}
@techreport{Database_LFW,
  author =       {Gary B. Huang and Manu Ramesh and Tamara Berg and 
                  Erik Learned-Miller},
  title =        {Labeled Faces in the Wild: A Database for Studying 
                  Face Recognition in Unconstrained Environments},
  institution =  {University of Massachusetts, Amherst},
  year =         2007,
  number =       {07-49},
  month =        {October}
}
@incollection{Statistics_LERM,
  title={Learning euclidean-to-riemannian metric for point-to-set classification},
  author={Huang, Zhiwu and Wang, Ruiping and Shan, Shiguang and Chen, Xilin},
  booktitle={Computer Vision and Pattern Recognition},
  pages={1677--1684},
  year={2014}
}
@incollection{Statistics_HER,
  title={Face video retrieval with image query via hashing across euclidean space and riemannian manifold},
  author={Li, Yan and Wang, Ruiping and Huang, Zhiwu and Shan, Shiguang and Chen, Xilin},
  booktitle={Computer Vision and Pattern Recognition},
  pages={4758--4767},
  year={2015}
}
@incollection{Affinehull_P2SML,
  title={From point to set: Extend the learning of distance metrics},
  author={Zhu, Pengfei and Zhang, Lei and Zuo, Wangmeng and Zhang, David},
  booktitle={International Conference on Computer Vision},
  pages={2664--2671},
  year={2013}
}
@book{Manifold,
  author    = {梅加强}, 
  title     = {流形与几何初步},
  publisher = {科学出版社},
  year      = {2013},
  isbn      = {9787030360311}
}
@article{PHDThesis,
  author       = {黄智武}, 
  title        = {黎曼度量学习极其在视频人脸识别中的应用研究},
  journal      = {博士学位论文},
  year         = {北京：中国科学院研究生院, 2015},
}
@article{AIM_metric,
  title={A Riemannian framework for tensor computing},
  author={Pennec, Xavier and Fillard, Pierre and Ayache, Nicholas},
  journal={International Journal of Computer Vision},
  volume={66},
  number={1},
  pages={41--66},
  year={2006},
  publisher={Springer}
}
@article{LEM_metric,
  title={Geometric means in a novel vector space structure on symmetric positive-definite matrices},
  author={Arsigny, Vincent and Fillard, Pierre and Pennec, Xavier and Ayache, Nicholas},
  journal={SIAM journal on matrix analysis and applications},
  volume={29},
  number={1},
  pages={328--347},
  year={2007},
  publisher={SIAM}
}
@book{Information_geometry,
  title={Methods of information geometry},
  author={Amari, Shun-ichi and Nagaoka, Hiroshi},
  volume={191},
  year={2007},
  publisher={American Mathematical Soc.}
}
@incollection{RCCA,
  title={Canonical Correlation Analysis on Riemannian Manifolds and Its Applications},
  author={Kim, Hyunwoo J and Adluru, Nagesh and Bendlin, Barbara B and Johnson, Sterling C and Vemuri, Baba C and Singh, Vikas},
  booktitle={European Conference On Computer Vision},
  pages={251--267},
  year={2014},
  publisher={Springer}
}
@article{PGA,
  title={Principal geodesic analysis for the study of nonlinear statistics of shape},
  author={Fletcher, P Thomas and Lu, Conglin and Pizer, Stephen M and Joshi, Sarang},
  journal={IEEE Transactions on Medical Imaging},
  volume={23},
  number={8},
  pages={995--1005},
  year={2004},
  publisher={IEEE}
}
@article{KPLS,
  title={Kernel partial least squares regression in reproducing kernel hilbert space},
  author={Rosipal, Roman and Trejo, Leonard J},
  journal={The Journal of Machine Learning Research},
  volume={2},
  pages={97--123},
  year={2002},
  publisher={JMLR. org}
}
@article{pls_PLS,
  title={Partial least squares for discrimination},
  author={Barker, Matthew and Rayens, William},
  journal={Journal of chemometrics},
  volume={17},
  number={3},
  pages={166--173},
  year={2003},
  publisher={Wiley Online Library}
}
@article{pls_PLSR,
  title={PLS regression methods},
  author={H{\"o}skuldsson, Agnar},
  journal={Journal of chemometrics},
  number={2},
  pages={211--228},
  year={1988}
}
@article{pls_PLSR2,
  title={PLS-regression: a basic tool of chemometrics},
  author={Wold, Svante and Sj{\"o}str{\"o}m, Michael and Eriksson, Lennart},
  journal={Chemometrics and intelligent laboratory systems},
  volume={58},
  number={2},
  pages={109--130},
  year={2001},
  publisher={Elsevier}
}
@incollection{pls_PLSALL,
  title={Overview and recent advances in partial least squares},
  author={Rosipal, Roman and Kr{\"a}mer, Nicole},
  booktitle={Subspace, latent structure and feature selection},
  pages={34--51},
  year={2006},
  publisher={Springer}
}
@incollection{pls_NIPALS,
  title={Path models with latent variables: The NIPALS approach},
  author={H.Wold},
  booktitle={International perspectives on
mathematical and statistical model building},
  pages={307–-357},
  year={1975},
  publisher={Academic Press}
}
@article{pls_Canonical_ridge,
  title={Canonical ridge and econometrics of joint production},
  author={Vinod, Hrishikesh D},
  journal={Journal of econometrics},
  volume={4},
  number={2},
  pages={147--166},
  year={1976},
  publisher={Elsevier}
}
@article{RegionCov_pedestrain,
  title={Pedestrian detection via classification on riemannian manifolds},
  author={Tuzel, Oncel and Porikli, Fatih and Meer, Peter},
  journal={Pattern Analysis and Machine Intelligence},
  volume={30},
  number={10},
  pages={1713--1727},
  year={2008},
  publisher={IEEE}
}
@article{Conjugate_Gradient_Survery,
  title={A survey of nonlinear conjugate gradient methods},
  author={Hager, William W. and Zhang, Hongchao},
  journal={Pacific Journal of Optimization},
  volume={2},
  number={1},
  pages={35-58},
  year={2006},
}
@book{Maniopt_book,
  title={Optimization algorithms on matrix manifolds},
  author={Absil, P. A. and Mahony, R. and Sepulchre, R.},
  publisher={Princeton University Press},
  pages={págs. 6-8},
  year={2008},
}
@article{Maniopt_tool,
  title={Manopt, a Matlab toolbox for optimization on manifolds},
  author={Boumal, Nicolas and Mishra, Bamdev and Absil, P-A and Sepulchre, Rodolphe},
  journal={The Journal of Machine Learning Research},
  volume={15},
  number={1},
  pages={1455--1459},
  year={2014},
  publisher={JMLR. org}
}
@incollection{Maniopt_DiscreteCurveFitting,
  title={Discrete curve fitting on manifolds},
  author={Boumal, Nicolas and Absil, Pierre-Antoine and others},
  booktitle={30th Benelux Meeting on Systems and Control},
  year={2011}
}
@article{Statistics_SLEDML,
  title={Supervised LogEuclidean Metric Learning for Symmetric Positive Definite Matrices},
  author={Yger, Florian and Sugiyama, Masashi},
  journal={arXiv preprint arXiv:1502.03505},
  year={2015}
}
@incollection{RegionCov,
  title={Region covariance: A fast descriptor for detection and classification},
  author={Tuzel, Oncel and Porikli, Fatih and Meer, Peter},
  booktitle={European Conference On Computer Vision},
  pages={589--600},
  year={2006},
  publisher={Springer}
}
@article{SIFT,
  title={Distinctive image features from scale-invariant keypoints},
  author={Lowe, David G},
  journal={International journal of computer vision},
  volume={60},
  number={2},
  pages={91--110},
  year={2004},
  publisher={Springer}
}
@incollection{Stein_divergence,
  title={A new metric on the manifold of kernel matrices with application to matrix geometric means},
  author={Sra, Suvrit},
  booktitle={Advances in Neural Information Processing Systems},
  pages={144--152},
  year={2012}
}
@incollection{Jeffreys_divergence,
  title={Bregman divergences for infinite dimensional covariance matrices},
  author={Harandi, Mehrtash and Salzmann, Mathieu and Porikli, Fatih},
  booktitle={Computer Vision and Pattern Recognition},
  pages={1003--1010},
  year={2014}
}
@article{Cholesky_distance,
  title={Non-Euclidean statistics for covariance matrices, with applications to diffusion tensor imaging},
  author={Dryden, Ian L and Koloydenko, Alexey and Zhou, Diwei},
  journal={The Annals of Applied Statistics},
  pages={1102--1123},
  year={2009},
  publisher={JSTOR}
}
@article{PSD_Riemannian,
  title={Riemannian metric and geometric mean for positive semidefinite matrices of fixed rank},
  author={Bonnabel, Silvere and Sepulchre, Rodolphe},
  journal={SIAM Journal on Matrix Analysis and Applications},
  volume={31},
  number={3},
  pages={1055--1070},
  year={2009},
  publisher={SIAM}
}
@article{Grassmann,
  title={An Introduction to Grassmann Manifolds and their Matrix Representation},
  author={Karrasch, Daniel},
  year={2014}
}
@article{PSD_Regression,
  title={Regression on fixed-rank positive semidefinite matrices: a Riemannian approach},
  author={Meyer, Gilles and Bonnabel, Silv{\`e}re and Sepulchre, Rodolphe},
  journal={The Journal of Machine Learning Research},
  volume={12},
  pages={593--625},
  year={2011},
  publisher={JMLR. org}
}
@article{PSD_Opt1,
  title={Low-rank optimization on the cone of positive semidefinite matrices},
  author={Journ{\'e}e, Michel and Bach, Francis and Absil, P-A and Sepulchre, Rodolphe},
  journal={SIAM Journal on Optimization},
  volume={20},
  number={5},
  pages={2327--2351},
  year={2010},
  publisher={SIAM}
}
@incollection{PSD_WACV,
  title={Image Set Classification by Symmetric Positive Semi-Definite Matrices},
  author={M. Faraki, M. Harandi, and F. Porikli},
  booktitle={Winter Conference on Applications of Computer Vision},
  year={2016}
}
@incollection{PSD_AAAI,
  title={Fixed-Rank Supervised Metric Learning on Riemannian Manifold},
  author={Yadong Mu},
  booktitle={AAAI Conference on Artificial Intelligence},
  year={2016}
}
@article{Matrix_CookBook,
  title={The matrix cookbook},
  author={Petersen, Kaare Brandt and Pedersen, Michael Syskind and others},
  publisher={Technical University of Denmark},
  volume={7},
  pages={15},
  year={2008}
}
@article{Graph_Embeding,
  title={Graph embedding and extensions: a general framework for dimensionality reduction},
  author={Yan, Shuicheng and Xu, Dong and Zhang, Benyu and Zhang, Hong-Jiang and Yang, Qiang and Lin, Stephen},
  journal={Pattern Analysis and Machine Intelligence},
  volume={29},
  number={1},
  pages={40--51},
  year={2007},
  publisher={IEEE}
}
@article{Conjugate_Gradient_FR,
  title={Function minimization by conjugate gradients},
  author={Fletcher, Reeves and Reeves, Colin M},
  journal={The computer journal},
  volume={7},
  number={2},
  pages={149--154},
  year={1964},
  publisher={Br Computer Soc}
}